<?xml version="1.0" encoding="UTF-8"?>
<record xmlns="http://www.loc.gov/MARC21/slim" xmlns:xsi="http://www.w3.org/2001/XMLSchema-instance" xsi:schemaLocation="http://www.loc.gov/MARC21/slim http://www.loc.gov/standards/marcxml/schema/MARC21slim.xsd">
<leader>00000cam a22      i 4500</leader>
<controlfield tag="001">001681216</controlfield>
<controlfield tag="003">NNU</controlfield>
<controlfield tag="005">20150327175531.0</controlfield>
<controlfield tag="008">801020s1919    ua ac         000 0bara d</controlfield>
<datafield tag="035" ind1=" " ind2=" ">
<subfield code="a">(OCoLC)6842571</subfield>
</datafield>
<datafield tag="040" ind1=" " ind2=" ">
<subfield code="a">WAU</subfield>
<subfield code="b">eng</subfield>
<subfield code="c">WAU</subfield>
<subfield code="d">OCLCQ</subfield>
<subfield code="d">OCLCG</subfield>
<subfield code="d">OCLCA</subfield>
<subfield code="d">OCLCQ</subfield>
<subfield code="d">OCLCO</subfield>
<subfield code="d">OCLCF</subfield>
<subfield code="d">NNU</subfield>
</datafield>
<datafield tag="043" ind1=" " ind2=" ">
<subfield code="a">f-ua---</subfield>
</datafield>
<datafield tag="050" ind1=" " ind2="4">
<subfield code="a">PJ7846.I77</subfield>
<subfield code="b">.M8 1919</subfield>
</datafield>
<datafield tag="100" ind1="1" ind2=" ">
<subfield code="6">880-01</subfield>
<subfield code="a">Miṣrī, ʻAbd al-Ḥalīm.</subfield>
</datafield>
<datafield tag="245" ind1="1" ind2="0">
<subfield code="6">880-02</subfield>
<subfield code="a">Muḥammad ʻAlī al-Kabīr, munshiʼ Miṣr al-ḥadīthah :</subfield>
<subfield code="b">naẓm /</subfield>
<subfield code="c">ʻAbd al-Ḥalīm al-Miṣrī.</subfield>
</datafield>
<datafield tag="260" ind1=" " ind2=" ">
<subfield code="6">880-03</subfield>
<subfield code="a">[al-Qāhirah] :</subfield>
<subfield code="b">Maṭbaʻat Maṭr,</subfield>
<subfield code="c">1919.</subfield>
</datafield>
<datafield tag="300" ind1=" " ind2=" ">
<subfield code="a">60 pages :</subfield>
<subfield code="b">illustrations, portraits ;</subfield>
<subfield code="c">19 cm</subfield>
</datafield>
<datafield tag="336" ind1=" " ind2=" ">
<subfield code="a">text</subfield>
<subfield code="b">txt</subfield>
<subfield code="2">rdacontent</subfield>
</datafield>
<datafield tag="337" ind1=" " ind2=" ">
<subfield code="a">unmediated</subfield>
<subfield code="b">n</subfield>
<subfield code="2">rdamedia</subfield>
</datafield>
<datafield tag="338" ind1=" " ind2=" ">
<subfield code="a">volume</subfield>
<subfield code="b">nc</subfield>
<subfield code="2">rdacarrier</subfield>
</datafield>
<datafield tag="500" ind1=" " ind2=" ">
<subfield code="a">Poems in praise of Muḥammad ʻAlī.</subfield>
</datafield>
<datafield tag="501" ind1=" " ind2=" ">
<subfield code="a">Bound with Ṣālih, al-Jadāwi Ḥasan. kayfa taṣīr khaṭīban min ghayr muʻallim. [al-Qāhirah], 1925.</subfield>
</datafield>
<datafield tag="600" ind1="0" ind2="0">
<subfield code="6">880-04</subfield>
<subfield code="a">Muḥammad ʻAlī Bāshā,</subfield>
<subfield code="c">Governor of Egypt,</subfield>
<subfield code="d">1769-1849</subfield>
<subfield code="v">Poetry.</subfield>
</datafield>
<datafield tag="600" ind1="0" ind2="7">
<subfield code="a">Muḥammad ʻAlī Bāshā,</subfield>
<subfield code="c">Governor of Egypt,</subfield>
<subfield code="d">1769-1849.</subfield>
<subfield code="2">fast</subfield>
<subfield code="0">(OCoLC)fst00210721</subfield>
</datafield>
<datafield tag="655" ind1=" " ind2="7">
<subfield code="a">Poetry.</subfield>
<subfield code="2">fast</subfield>
<subfield code="0">(OCoLC)fst01423828</subfield>
</datafield>
<datafield tag="880" ind1="1" ind2=" ">
<subfield code="6">100-01/</subfield>
<subfield code="a">مصري، عبد الحليم.</subfield>
</datafield>
<datafield tag="880" ind1="1" ind2="0">
<subfield code="6">245-02/</subfield>
<subfield code="a">محمد علي الكبير، منشئ مصر الحديثة :</subfield>
<subfield code="b">نظم /</subfield>
<subfield code="c">عبد الحليم المصري.</subfield>
</datafield>
<datafield tag="880" ind1=" " ind2=" ">
<subfield code="6">260-03/</subfield>
<subfield code="a">[القاهرة] :</subfield>
<subfield code="b">مطبعة مطر،</subfield>
<subfield code="c">1919.</subfield>
</datafield>
<datafield tag="880" ind1="0" ind2="4">
<subfield code="6">600-04/</subfield>
<subfield code="a">محمد علي باشا،</subfield>
<subfield code="c">Governor of Egypt,</subfield>
<subfield code="d">1769-1849</subfield>
<subfield code="v">Poetry.</subfield>
</datafield>
<datafield tag="OWN" ind1=" " ind2=" ">
<subfield code="a">GENERAL</subfield>
</datafield>
<datafield tag="AVA" ind1=" " ind2=" ">
<subfield code="a">NYU50</subfield>
<subfield code="b">BOBST</subfield>
<subfield code="c">Main Collection</subfield>
<subfield code="d">PJ7846.I77 M8 1919</subfield>
<subfield code="e">unavailable</subfield>
<subfield code="t">Unavailable</subfield>
<subfield code="f">1</subfield>
<subfield code="g">1</subfield>
<subfield code="h">N</subfield>
<subfield code="i">0</subfield>
<subfield code="j">MAIN</subfield>
<subfield code="k">0</subfield>
</datafield>
</record>
